% This file was created with JabRef 2.6.
% Encoding: UTF8

@misc{cs,
author = {Wikipedia},
editortype={compiler},
title = {Otevřená Encyklopedie: C Sharp},
year = {2019},
url = {https://cs.wikipedia.org/wiki/C_Sharp},
urldate = {2019-07-29},
hyphenation={czech},
OPTsubtitle = {•},
OPTtitleaddon = {•},
OPTlanguage = {•},
OPTversion = {•},
OPTnote = {•},
OPTorganization = {•},
OPTdate = {•},
OPTmonth = {•},
OPTaddendum = {•},
OPTpubstate = {•},
OPTurldate = {•},
}


@misc{wpf,
author = {Wikipedia},
editortype={compiler},
title = {Otevřená Encyklopedie: Windows Presentation Foundation},
year = {2019},
url = {https://cs.wikipedia.org/wiki/Windows_Presentation_Foundation},
urldate = {2019-07-29},
OPTsubtitle = {•},
OPTtitleaddon = {•},
OPTlanguage = {•},
OPTversion = {•},
OPTnote = {•},
OPTorganization = {•},
OPTdate = {•},
OPTmonth = {•},
OPTaddendum = {•},
OPTpubstate = {•},
OPTurldate = {•},
}